<?xml version="1.0" encoding="UTF-8"?><record xmlns="http://www.loc.gov/MARC21/slim" xmlns:cinclude="http://apache.org/cocoon/include/1.0" xmlns:zs="http://www.loc.gov/zing/srw/">
  <leader>00448nz  a2200133n  4500</leader>
  <controlfield tag="001">n  90683412 </controlfield>
  <controlfield tag="003">DLC</controlfield>
  <controlfield tag="005">19900820081824.2</controlfield>
  <controlfield tag="008">900820n| acannaab|          |n aac |||  </controlfield>
  <datafield tag="010" ind1=" " ind2=" ">
    <subfield code="a">n  90683412 </subfield>
  </datafield>
  <datafield tag="040" ind1=" " ind2=" ">
    <subfield code="a">DLC</subfield>
    <subfield code="c">DLC</subfield>
  </datafield>
  <datafield tag="100" ind1="1" ind2="0">
    <subfield code="a">Male, Jonina M.</subfield>
    <subfield code="q">(Jonina Margaret),</subfield>
    <subfield code="d">1940-</subfield>
  </datafield>
  <datafield tag="667" ind1=" " ind2=" ">
    <subfield code="a">NLC not consulted.</subfield>
  </datafield>
  <datafield tag="670" ind1=" " ind2=" ">
    <subfield code="a">nuc90-52031: Her Learning disabilities, 1985</subfield>
    <subfield code="b">(hdg. on CaBVaU rept.: Male, Jonina M. (Jonina Margaret), 1940- ; usage: Jonina M. Male)</subfield>
  </datafield>
</record>